@article{exampleReference,
  title={An example article},
  author={Doe, John},
  journal={Journal of Examples},
  volume={1},
  number={1},
  pages={1--2},
  year={2024},
  publisher={Example Publishing}
}