@book{Finck2018,
	author = {Michele Finck},
	title = {Blockchain Regulation and Governance in Europe},
	year = {2018},
	publisher = {Cambridge University Press, {LLC}},
	month = {Dec},
	edition = {First},
	place = {Cambridge, UK},
	isbn = {1108465455}
}


